@misc{Wikipedia,
author="N/A",
title="Frankenstein",
url="https://en.wikipedia.org/wiki/Frankenstein"
}
    
@book{Silge,
author={Julia silge and David Robinson},
publisher={O'Reilly Media},
year={2017},
title={text Mining with R: A Tidy Approach}
}

@book{Wickham,
author={Hadley Wickham and Garrett Grolemund},
publisher={O'Reilly Media},
year={2017},
title={R for Data Science: Import, Tidy, Transform and Model Data}
}